<record><leader>00000cas a22000007a 4500</leader><controlfield tag="001">11329525</controlfield><controlfield tag="008">841031d1876187uinuwr ne      0    0eng d</controlfield><datafield ind1=" " ind2=" " tag="010"><subfield code="a">sn 84045423 </subfield></datafield><datafield ind1=" " ind2=" " tag="040"><subfield code="a">NPI</subfield><subfield code="b">eng</subfield><subfield code="c">NPI</subfield><subfield code="d">OCLCQ</subfield></datafield><datafield ind1=" " ind2=" " tag="042"><subfield code="a">msc</subfield></datafield><datafield ind1="0" ind2="0" tag="245"><subfield code="a">Huntingburgh times.</subfield></datafield><datafield ind1="3" ind2="0" tag="246"><subfield code="a">Huntingburg times</subfield></datafield><datafield ind1=" " ind2=" " tag="260"><subfield code="a">Huntingburgh, Dubois Co., Ind. :</subfield><subfield code="b">G.F. Swint</subfield></datafield><datafield ind1=" " ind2=" " tag="300"><subfield code="a">v. :</subfield><subfield code="b">ill. (chiefly advertisements) ;</subfield><subfield code="c">59 cm.</subfield></datafield><datafield ind1=" " ind2=" " tag="310"><subfield code="a">Weekly</subfield></datafield><datafield ind1="1" ind2=" " tag="362"><subfield code="a">Began on June 1?, 1876.</subfield></datafield><datafield ind1=" " ind2=" " tag="588"><subfield code="a">Description based on: Vol. 1, no. 3 (June 22, 1876).</subfield></datafield><datafield ind1=" " ind2=" " tag="752"><subfield code="a">United States</subfield><subfield code="b">Indiana</subfield><subfield code="c">Dubois</subfield><subfield code="d">Huntingburg.</subfield></datafield></record>